[gd_scene load_steps=14 format=2]

[ext_resource path="res://World/Abstract/UI/Menus/main_menu.gd" type="Script" id=1]
[ext_resource path="res://World/Abstract/hypervipergradital.ttf" type="DynamicFontData" id=2]
[ext_resource path="res://World/Abstract/UI/Menus/player_title.png" type="Texture" id=3]
[ext_resource path="res://World/Abstract/UI/Menus/button_hover.tres" type="StyleBox" id=4]
[ext_resource path="res://World/Abstract/UI/Menus/button_pressed.tres" type="StyleBox" id=5]
[ext_resource path="res://World/Abstract/UI/Menus/button_normal.tres" type="StyleBox" id=6]
[ext_resource path="res://World/Abstract/UI/Menus/menu_font.tres" type="DynamicFont" id=7]
[ext_resource path="res://World/Abstract/UI/Menus/sound_on.png" type="Texture" id=8]
[ext_resource path="res://World/Abstract/UI/Menus/sound_off.png" type="Texture" id=9]
[ext_resource path="res://World/Abstract/UI/Menus/music_on.png" type="Texture" id=10]
[ext_resource path="res://World/Abstract/UI/Menus/music_off.png" type="Texture" id=11]
[ext_resource path="res://World/Nebula/noise.tscn" type="PackedScene" id=12]

[sub_resource type="DynamicFont" id=1]
size = 150
font_data = ExtResource( 2 )

[node name="MainMenu" type="Control"]
anchor_right = 1.0
anchor_bottom = 1.0
script = ExtResource( 1 )

[node name="MarginContainer" type="MarginContainer" parent="."]
anchor_right = 1.0
anchor_bottom = 1.0

[node name="VSplitContainer" type="VSplitContainer" parent="MarginContainer"]
margin_right = 1920.0
margin_bottom = 1080.0

[node name="Label" type="Label" parent="MarginContainer/VSplitContainer"]
margin_right = 1920.0
margin_bottom = 283.0
custom_fonts/font = SubResource( 1 )
text = "Pyrrhus's Last Stand"
align = 1
autowrap = true

[node name="HBoxContainer" type="HBoxContainer" parent="MarginContainer/VSplitContainer"]
margin_top = 295.0
margin_right = 1920.0
margin_bottom = 1080.0
custom_constants/separation = 75

[node name="CenterContainer" type="CenterContainer" parent="MarginContainer/VSplitContainer/HBoxContainer"]
margin_right = 1400.0
margin_bottom = 785.0
rect_min_size = Vector2( 1400, 0 )

[node name="TextureRect" type="TextureRect" parent="MarginContainer/VSplitContainer/HBoxContainer/CenterContainer"]
margin_left = 306.0
margin_top = 98.0
margin_right = 1094.0
margin_bottom = 686.0
rect_min_size = Vector2( 788, 588 )
texture = ExtResource( 3 )
expand = true

[node name="CenterContainer2" type="CenterContainer" parent="MarginContainer/VSplitContainer/HBoxContainer"]
margin_left = 1475.0
margin_right = 1794.0
margin_bottom = 785.0

[node name="VBoxContainer" type="VBoxContainer" parent="MarginContainer/VSplitContainer/HBoxContainer/CenterContainer2"]
margin_top = 159.0
margin_right = 319.0
margin_bottom = 626.0
custom_constants/separation = 35

[node name="Start" type="Button" parent="MarginContainer/VSplitContainer/HBoxContainer/CenterContainer2/VBoxContainer"]
margin_right = 319.0
margin_bottom = 73.0
custom_styles/hover = ExtResource( 4 )
custom_styles/pressed = ExtResource( 5 )
custom_styles/focus = ExtResource( 6 )
custom_styles/normal = ExtResource( 6 )
custom_fonts/font = ExtResource( 7 )
text = "Start"

[node name="Options" type="Button" parent="MarginContainer/VSplitContainer/HBoxContainer/CenterContainer2/VBoxContainer"]
margin_top = 108.0
margin_right = 319.0
margin_bottom = 181.0
custom_styles/hover = ExtResource( 4 )
custom_styles/pressed = ExtResource( 5 )
custom_styles/focus = ExtResource( 6 )
custom_styles/normal = ExtResource( 6 )
custom_fonts/font = ExtResource( 7 )
text = "Help"

[node name="Exit" type="Button" parent="MarginContainer/VSplitContainer/HBoxContainer/CenterContainer2/VBoxContainer"]
margin_top = 216.0
margin_right = 319.0
margin_bottom = 289.0
custom_styles/hover = ExtResource( 4 )
custom_styles/pressed = ExtResource( 5 )
custom_styles/focus = ExtResource( 6 )
custom_styles/normal = ExtResource( 6 )
custom_fonts/font = ExtResource( 7 )
text = "Exit"

[node name="HBoxContainer" type="HBoxContainer" parent="MarginContainer/VSplitContainer/HBoxContainer/CenterContainer2/VBoxContainer"]
margin_top = 324.0
margin_right = 319.0
margin_bottom = 467.0

[node name="Sound" type="TextureButton" parent="MarginContainer/VSplitContainer/HBoxContainer/CenterContainer2/VBoxContainer/HBoxContainer"]
margin_right = 150.0
margin_bottom = 143.0
toggle_mode = true
action_mode = 0
texture_normal = ExtResource( 8 )
texture_pressed = ExtResource( 9 )

[node name="Music" type="TextureButton" parent="MarginContainer/VSplitContainer/HBoxContainer/CenterContainer2/VBoxContainer/HBoxContainer"]
margin_left = 154.0
margin_right = 304.0
margin_bottom = 143.0
rect_min_size = Vector2( 150, 143 )
toggle_mode = true
action_mode = 0
texture_normal = ExtResource( 10 )
texture_pressed = ExtResource( 11 )
expand = true
stretch_mode = 5

[node name="NebulaBackground" parent="." instance=ExtResource( 12 )]
z_index = -2
[connection signal="pressed" from="MarginContainer/VSplitContainer/HBoxContainer/CenterContainer2/VBoxContainer/Start" to="." method="_on_Start_pressed"]
[connection signal="pressed" from="MarginContainer/VSplitContainer/HBoxContainer/CenterContainer2/VBoxContainer/Options" to="." method="_on_Options_pressed"]
[connection signal="pressed" from="MarginContainer/VSplitContainer/HBoxContainer/CenterContainer2/VBoxContainer/Exit" to="." method="_on_Exit_pressed"]
[connection signal="toggled" from="MarginContainer/VSplitContainer/HBoxContainer/CenterContainer2/VBoxContainer/HBoxContainer/Sound" to="." method="_on_Sound_toggled"]
[connection signal="toggled" from="MarginContainer/VSplitContainer/HBoxContainer/CenterContainer2/VBoxContainer/HBoxContainer/Music" to="." method="_on_Music_toggled"]
