[gd_scene load_steps=6 format=2]

[ext_resource path="res://World/Abstract/UI/Menus/pause.gd" type="Script" id=1]
[ext_resource path="res://World/Abstract/UI/Menus/menu_font.tres" type="DynamicFont" id=2]
[ext_resource path="res://World/Abstract/UI/Menus/button_hover.tres" type="StyleBox" id=3]
[ext_resource path="res://World/Abstract/UI/Menus/button_pressed.tres" type="StyleBox" id=4]
[ext_resource path="res://World/Abstract/UI/Menus/button_normal.tres" type="StyleBox" id=5]

[node name="Pause" type="CanvasLayer"]
pause_mode = 2
script = ExtResource( 1 )

[node name="MarginContainer" type="MarginContainer" parent="."]
anchor_right = 1.0
anchor_bottom = 1.0
mouse_filter = 2

[node name="CenterContainer" type="CenterContainer" parent="MarginContainer"]
margin_right = 1920.0
margin_bottom = 1080.0
mouse_filter = 2

[node name="VBoxContainer" type="VBoxContainer" parent="MarginContainer/CenterContainer"]
margin_left = 607.0
margin_top = 368.0
margin_right = 1312.0
margin_bottom = 712.0
mouse_filter = 2
custom_constants/separation = 200

[node name="CenterContainer" type="CenterContainer" parent="MarginContainer/CenterContainer/VBoxContainer"]
margin_right = 705.0
margin_bottom = 71.0
mouse_filter = 2

[node name="Label" type="Label" parent="MarginContainer/CenterContainer/VBoxContainer/CenterContainer"]
margin_left = 157.0
margin_right = 547.0
margin_bottom = 71.0
custom_fonts/font = ExtResource( 2 )
text = "Paused"

[node name="CenterContainer2" type="CenterContainer" parent="MarginContainer/CenterContainer/VBoxContainer"]
margin_top = 271.0
margin_right = 705.0
margin_bottom = 344.0
mouse_filter = 2

[node name="HBoxContainer" type="HBoxContainer" parent="MarginContainer/CenterContainer/VBoxContainer/CenterContainer2"]
margin_right = 705.0
margin_bottom = 73.0
mouse_filter = 2
custom_constants/separation = 100

[node name="Resume" type="Button" parent="MarginContainer/CenterContainer/VBoxContainer/CenterContainer2/HBoxContainer"]
margin_right = 399.0
margin_bottom = 73.0
custom_styles/hover = ExtResource( 3 )
custom_styles/pressed = ExtResource( 4 )
custom_styles/focus = ExtResource( 5 )
custom_styles/normal = ExtResource( 5 )
custom_fonts/font = ExtResource( 2 )
text = "Resume"

[node name="Exit" type="Button" parent="MarginContainer/CenterContainer/VBoxContainer/CenterContainer2/HBoxContainer"]
margin_left = 499.0
margin_right = 705.0
margin_bottom = 73.0
custom_styles/hover = ExtResource( 3 )
custom_styles/pressed = ExtResource( 4 )
custom_styles/focus = ExtResource( 5 )
custom_styles/normal = ExtResource( 5 )
custom_fonts/font = ExtResource( 2 )
text = "Exit"
[connection signal="pressed" from="MarginContainer/CenterContainer/VBoxContainer/CenterContainer2/HBoxContainer/Resume" to="." method="_on_Resume_pressed"]
[connection signal="pressed" from="MarginContainer/CenterContainer/VBoxContainer/CenterContainer2/HBoxContainer/Exit" to="." method="_on_Exit_pressed"]
